@misc{exampleWebsite,
  author       = {Jia Jia},
  title        = {A Fast Guide on Writing LaTeX with LaTeX Workshop in VS Code},
  year         = {2021},
  url          = {https://example.com},
  note         = {https://mathjiajia.github.io/vscode-and-latex/}
}

@book{golub2013matrix,
  title={Matrix computations},
  author={Golub, Gene H and Van Loan, Charles F},
  year={2013},
  publisher={JHU press}
}

@article{arbenz2012lecture,
  title={Lecture notes on solving large scale eigenvalue problems},
  author={Arbenz, Peter and Kressner, Daniel and Z{\"u}rich, DME},
  journal={D-MATH, EHT Zurich},
  volume={2},
  number={3},
  pages={377},
  year={2012}
}